@book{munkres2000,
    author = "Munkres James",
    title = "Topology (2nd Edition)",
    pages = "76",
    date = "2000",
    publisher = "Pearson",
    language = "English",
    edition = "2"
}

